% This file was created with JabRef 2.7.2.
% Encoding: UTF8

@MANUAL{AMS_amsmath,
  title = {amsmath User's Guide},
  author = {AMS},
  year = {2002},
  owner = {Alpha},
  review = {good},
  timestamp = {2008.04.01},
  url = {https://www.ams.org/tex/amslatex.html}
}

@MANUAL{AMS_short_math,
  title = {Short Math Guide for LaTeX},
  author = {AMS},
  year = {2002},
  owner = {Alpha},
  timestamp = {2008.04.01},
  url = {https://www.ams.org/tex/amslatex.html}
}

@MANUAL{Carlisle_colortbl,
  title = {The colortbl Package},
  author = {David P. Carlisle},
  year = {2018},
  owner = {Alpha},
  timestamp = {2019.04.20},
  url = {https://ctan.org/tex-archive/macros/latex/contrib/colortbl/}
}

@MANUAL{Carlisle_longtable,
  title = {The longtable Package},
  author = {David P. Carlisle},
  year = {2014},
  owner = {Alpha},
  timestamp = {2019.04.20},
  url = {https://ctan.org/pkg/longtable/}
}

@MANUAL{Carlisle_tabularx,
  title = {The tabularx Package},
  author = {David P. Carlisle},
  year = {2016},
  owner = {Alpha},
  timestamp = {2010.10.18},
  url = {https://ctan.org/pkg/tabularx/}
}

@BOOK{Chicago_style,
  title = {Chicago Manual of Style, 17th Edition},
  publisher = {University of Chicago},
  year = {2017},
  editor = {UCP},
  owner = {Alpha},
  timestamp = {2019.04.20},
  url = {https://www.chicagomanualofstyle.org/}
}

@BOOK{Clair_printing,
  title = {A Chronology of Printing},
  publisher = {Praeger},
  year = {1969},
  author = {Colin Clair},
  owner = {Alpha},
  timestamp = {2010.05.25},
  url = {https://www.amazon.com/dp/B000YC2K66/}
}

@MANUAL{Cochran_subfig,
  title = {The subfig Package},
  author = {Steven D. Cochran},
  year = {2005},
  owner = {Alpha},
  timestamp = {2010.06.24},
  url = {https://ctan.org/tex-archive/macros/latex/contrib/subfig/}
}

@MANUAL{CTeX_faq,
  title = {CTeX 常见问题集},
  author = {中国 TeX 用户组},
  year = {2009},
  owner = {Alpha},
  timestamp = {2008.04.01},
  url = {https://ctan.org/tex-archive/info/ctex-faq/}
}

@MANUAL{CTeX_ctex,
  title = {CTeX 宏集手册},
  author = {中国 TeX 用户组},
  year = {2019},
  owner = {Alpha},
  timestamp = {2019.04.20},
  url = {https://ctan.org/tex-archive/language/chinese/ctex}
}

@MANUAL{Daly_natbib,
  title = {Natural Sciences Citations and References},
  author = {Patrick W. Daly},
  year = {2010},
  owner = {Alpha},
  timestamp = {2008.04.01},
  url = {https://ctan.org/tex-archive/macros/latex/contrib/natbib/}
}

@MANUAL{Dupuis_igo,
  title = {Typesetting Go diagrams in TeX or LaTeX with igo},
  author = {Étienne Dupuis},
  year = {2006},
  owner = {Alpha},
  timestamp = {2012.08.19},
  url = {https://ctan.org/tex-archive/fonts/igo/}
}

@MANUAL{Fairbairns_rotating,
  title = {A package for rotated objects in LaTeX},
  author = {Robin Fairbairns and Sebastian Rahtz and Leonor Barroca},
  year = {2018},
  owner = {Alpha},
  timestamp = {2019.04.20},
  url = {https://ctan.org/pkg/rotating/}
}

@MANUAL{Fear_booktabs,
  title = {Publication Quality Tables in LaTeX},
  author = {Simon Fear},
  year = {2016},
  owner = {Alpha},
  timestamp = {2019.04.20},
  url = {http://www.ctan.org/tex-archive/macros/latex/contrib/booktabs/}
}

@MANUAL{Goossens_xetex,
  title = {The XeTeX Companion},
  author = {Michel Goossens},
  year = {2010},
  owner = {Alpha},
  timestamp = {2019.04.20},
  url = {https://xml.web.cern.ch/XML/lgc2/xetexmain.pdf}
}

@BOOK{Gratzer_more_math,
  title = {More Math into LaTeX},
  publisher = {Springer},
  year = {2016},
  author = {George Grätzer},
  edition = {5th},
  owner = {Alpha},
  timestamp = {2019.04.20},
  url = {https://www.amazon.com/dp/3319237950/}
}

@MANUAL{Han_pdftex,
  title = {The pdfTeX User Manual},
  author = {Th\'{ê} Thành Hàn and Sebastian Rahtz and Hans Hagen and Hartmut
	Henkel and Paweł Jackowski and Martin Schröder},
  year = {2018},
  owner = {Alpha},
  timestamp = {2019.04.20},
  url = {https://www.tug.org/applications/pdftex/}
}

@BOOK{Higham_1998,
  title = {Handbook of Writing for the Mathematical Sciences},
  publisher = {Society for Industrial and Applied Mathematics},
  year = {1998},
  author = {Nicholas J. Higham},
  owner = {Alpha},
  review = {great},
  timestamp = {2008.05.20},
  url = {https://www.siam.org/books/ot63/}
}

@MANUAL{Hobby_metapost,
  title = {MetaPost: A User's Manual},
  author = {John D. Hobby and Taco Hoekwater and Hans Hagen},
  year = {2018},
  owner = {Alpha},
  timestamp = {2019.04.20},
  url = {https://www.tug.org/metapost/}
}

@MANUAL{Huang_lnotes,
  title = {LaTeX Notes},
  author = {包太雷},
  year = {2008},
  owner = {Alpha},
  timestamp = {2010.05.16},
  url = {https://ctan.org/tex-archive/info/latex-notes-zh-cn/}
}

@MANUAL{Kern_xcolor,
  title = {Extending LaTeX's Color Facilities: The xcolor Package},
  author = {Uwe Kern},
  organization = {CTAN},
  year = {2016},
  owner = {Alpha},
  timestamp = {2019.04.20},
  url = {https://www.ukern.de/tex/xcolor.html}
}

@MANUAL{Lee_cjk,
  title = {我的CJK},
  author = {李果正},
  year = {2004},
  owner = {Alpha},
  timestamp = {2008.05.12},
  url = {http://edt1023.sayya.org/tex/mycjk/}
}

@MANUAL{Lee_latex,
  title = {大家来学LaTeX},
  author = {李果正},
  year = {2004},
  owner = {Alpha},
  review = {good},
  timestamp = {2008.04.11},
  url = {http://edt1023.sayya.org/tex/latex123/}
}

@MANUAL{Markey_beast,
  title = {Tame the BeaST: The B to X of BibTeX},
  author = {Nicolas Markey},
  organization = {CTAN},
  year = {2009},
  owner = {Alpha},
  timestamp = {2019.04.20},
  url = {https://ctan.org/tex-archive/info/bibtex/tamethebeast/}
}

@MANUAL{Mittelbach_array,
  title = {A new implementation of LaTeX's tabular and array environment},
  author = {Frank Mittelbach and David P. Carlisle},
  year = {2019},
  owner = {Alpha},
  timestamp = {2019.04.20},
  url = {https://ctan.org/pkg/array/}
}

@BOOK{Mittelbach_latex_comp,
  title = {The LaTeX Companion (Tools and Techniques for Computer Typesetting)},
  publisher = {Addison-Wesley},
  year = {2004},
  author = {Frank Mittelbach and Michel Goossens and Johannes Braams and David
	P. Carlisle and Chris Rowley},
  edition = {2nd},
  owner = {Alpha},
  review = {good},
  timestamp = {2019.04.20},
  url = {https://www.amazon.com/dp/0201362996/}
}

@MANUAL{Moses_listings,
  title = {The listings Package},
  author = {Carsten Heinz and Brooks Moses},
  year = {2019},
  owner = {Alpha},
  timestamp = {2019.04.20},
  url = {https://ctan.org/tex-archive/macros/latex/contrib/listings/}
}

@MANUAL{Oetiker_lshort,
  title = {A (Not So) Short Introduction to LaTeX2e},
  author = {Tobias Oetiker},
  year = {2018},
  owner = {Alpha},
  review = {good},
  timestamp = {2019.04.20},
  url = {https://ctan.org/tex-archive/info/lshort/}
}

@MANUAL{Oostrum_fancyhdr,
  title = {Page Layout in LaTeX},
  author = {Piet van Oostrum},
  year = {2019},
  owner = {Alpha},
  timestamp = {2019.04.20},
  url = {https://ctan.org/tex-archive/macros/latex/contrib/fancyhdr/}
}

@MANUAL{Pakin_comprehensive,
  title = {The Comprehensive LaTeX Symbol List},
  author = {Scott Pakin},
  year = {2017},
  owner = {Alpha},
  timestamp = {2019.04.20},
  url = {https://ctan.org/tex-archive/info/symbols/comprehensive/}
}

@MANUAL{Patashnik_bibtex,
  title = {BibTeXing},
  author = {Oren Patashnik},
  year = {1988},
  owner = {Alpha},
  timestamp = {2008.04.01},
  url = {https://ctan.org/tex-archive/biblio/bibtex/contrib/doc/}
}

@MANUAL{Rahtz_hyperref,
  title = {Hypertext Marks in LaTeX: A Manual for hyperref},
  author = {Sebastian Rahtz and Heiko Oberdiek},
  year = {2018},
  owner = {Alpha},
  timestamp = {2019.04.20},
  url = {https://ctan.org/tex-archive/macros/latex/contrib/hyperref/}
}

@MANUAL{Reckdahl_epslatex,
  title = {Using Imported Graphics in LaTeX and pdfLaTeX},
  author = {Keith Reckdahl},
  year = {2006},
  owner = {Alpha},
  timestamp = {2008.04.01},
  url = {https://ctan.org/tex-archive/info/epslatex/}
}

@MANUAL{Robertson_fontspec,
  title = {The fontspec Package},
  author = {Will Robertson},
  year = {2019},
  owner = {Alpha},
  timestamp = {2019.04.20},
  url = {https://ctan.org/tex-archive/macros/xetex/latex/fontspec/}
}

@MANUAL{Rochester_warpcol,
  title = {The warpcol Package},
  author = {Wayne A. Rochester},
  year = {2007},
  owner = {Alpha},
  timestamp = {2010.10.22},
  url = {https://ctan.org/tex-archive/macros/latex/contrib/warpcol/}
}

@MANUAL{Rokicki_dvips,
  title = {Dvips: A DVI-to-PostScript Translator},
  author = {Tomas Rokicki},
  year = {2005},
  owner = {Alpha},
  timestamp = {2008.05.12},
  url = {https://www.tug.org/dvips/}
}

@MANUAL{Sommerfeldt_caption,
  title = {Customizing captions of floating environments using the caption package},
  author = {Axel Sommerfeldt},
  year = {2018},
  owner = {Alpha},
  timestamp = {2019.04.20},
  url = {https://ctan.org/tex-archive/macros/latex/contrib/caption/}
}

@BOOK{Strauss_printing,
  title = {The Printing Industry},
  publisher = {Printing Industries of America},
  year = {1967},
  author = {Victor Strauss},
  owner = {Alpha},
  timestamp = {2010.05.25},
  url = {https://www.amazon.com/dp/B000GRKF5C/}
}

@MANUAL{Sun_xecjk,
  title = {xeCJK 宏包},
  author = {孙文昌},
  year = {2019},
  owner = {Alpha},
  timestamp = {2019.04.20},
  url = {https://ctan.org/tex-archive/macros/xetex/latex/xecjk/}
}

@MANUAL{Tantau_beamer,
  title = {The Beamer Class},
  author = {Till Tantau and Joseph Wright and Vedran Miletić},
  year = {2018},
  owner = {Alpha},
  timestamp = {2019.04.20},
  url = {https://ctan.org/tex-archive/macros/latex/contrib/beamer/}
}

@MANUAL{Tantau_pgf,
  title = {TikZ and PGF Manual},
  author = {Till Tantau},
  year = {2019},
  owner = {Alpha},
  timestamp = {2019.04.20},
  url = {https://ctan.org/tex-archive/graphics/pgf/}
}

@MANUAL{Thompson_newlfm,
  title = {A New Letter, Fax, Memo Document Class for LaTeX2e},
  author = {Paul A. Thompson},
  year = {2009},
  owner = {Alpha},
  timestamp = {2012.08.05},
  url = {https://ctan.org/tex-archive/macros/latex/contrib/newlfm/}
}

@MISC{UKTUG_faq,
  author = {{UK TeX User Group}},
  title = {UK List of TeX Frequently Asked Questions},
  owner = {Alpha},
  timestamp = {2019.04.20},
  url = {https://texfaq.org/}
}

@MANUAL{Umeki_geometry,
  title = {The geometry package},
  author = {Hideo Umeki and David Carlisle},
  year = {2018},
  owner = {Alpha},
  timestamp = {2019.04.20},
  url = {https://ctan.org/tex-archive/macros/latex/contrib/geometry/}
}

@MANUAL{Veytsman_envlab,
  title = {Printing Envelopes and Labels in LaTeX2e: EnvLab Package},
  author = {Boris Veytsman},
  year = {1997},
  owner = {Alpha},
  timestamp = {2012.08.16},
  url = {https://ctan.org/tex-archive/macros/latex/contrib/envlab/}
}

@MANUAL{Wicks_dvipdfm,
  title = {Dvipdfm User's Manual},
  author = {Mark A. Wicks},
  year = {1999},
  owner = {Alpha},
  timestamp = {2008.05.12},
  url = {https://ctan.org/tex-archive/dviware/dvipdfm/}
}

@MANUAL{Wilson_memoir,
  title = {The Memoir Class},
  author = {Peter R. Wilson and Lars Madsen},
  edition = {10th},
  year = {2018},
  owner = {Alpha},
  timestamp = {2019.04.20},
  url = {https://ctan.org/tex-archive/macros/latex/contrib/memoir/}
}

@MANUAL{Wilson_memdesign,
  title = {A Few Notes on Book Design},
  author = {Peter R. Wilson},
  year = {2018},
  owner = {Alpha},
  timestamp = {2018.04.20},
  url = {https://ctan.org/tex-archive/info/memdesign/}
}

@MANUAL{Yin_zhspacing,
  title = {Typesetting Chinese in XeTeX: zhspacing User's Manual},
  author = {Dian Yin and Qing Lee},
  year = {2016},
  owner = {Alpha},
  timestamp = {2019.04.20},
  url = {https://ctan.org/tex-archive/macros/xetex/generic/zhspacing/}
}

@MANUAL{Zandt_fancyvrb,
  title = {Fancy Verbatims in LaTeX},
  author = {Timothy van Zandt},
  year = {2019},
  owner = {Alpha},
  timestamp = {2019.04.20},
  url = {https://ctan.org/tex-archive/macros/latex/contrib/fancyvrb/}
}

@MANUAL{Zandt_pstricks,
  title = {PSTricks User's Guide},
  author = {Timothy van Zandt},
  year = {2007},
  owner = {Alpha},
  timestamp = {2008.04.01},
  url = {https://www.tug.org/PSTricks/}
}
